<?xml version="1.0" encoding="UTF-8"?><record xmlns="http://www.loc.gov/MARC21/slim" xmlns:cinclude="http://apache.org/cocoon/include/1.0" xmlns:zs="http://www.loc.gov/zing/srw/">
  <leader>00678cz  a2200145n  4500</leader>
  <controlfield tag="001">no2003077697</controlfield>
  <controlfield tag="003">DLC</controlfield>
  <controlfield tag="005">20030821075333.0</controlfield>
  <controlfield tag="008">030804n| acannaab           |a ana     c</controlfield>
  <datafield tag="010" ind1=" " ind2=" ">
    <subfield code="a">no2003077697</subfield>
  </datafield>
  <datafield tag="035" ind1=" " ind2=" ">
    <subfield code="a">(OCoLC)oca06118515</subfield>
  </datafield>
  <datafield tag="040" ind1=" " ind2=" ">
    <subfield code="a">NjP</subfield>
    <subfield code="b">eng</subfield>
    <subfield code="c">NjP</subfield>
    <subfield code="d">DLC</subfield>
  </datafield>
  <datafield tag="110" ind1="2" ind2=" ">
    <subfield code="a">Universität Witten/Herdecke.</subfield>
    <subfield code="b">Karl-Schweisfurth-Institut für Evolutionsbiologie und Morphologie</subfield>
  </datafield>
  <datafield tag="410" ind1="2" ind2=" ">
    <subfield code="a">Karl-Schweisfurth-Institut für Evolutionsbiologie und Morphologie der Universität Witten/Herdecke</subfield>
  </datafield>
  <datafield tag="670" ind1=" " ind2=" ">
    <subfield code="a">Das Bild der Pflanze in Wissenschaft und Kunst, c2002:</subfield>
    <subfield code="b">t.p. verso (... des Karl-Schweisfurth-Instituts für Evolutionsbiologie und Morphologie der Universität Witten/Herdecke)</subfield>
  </datafield>
</record>